@book{Kondo2019,
author = "近藤豊",
title = "ROS2ではじめよう次世代ロボットプログラミング",
publisher = "技術評論社",
pages = "ⅴ-ⅵ",
year = 2019
}
}

@article{Artal2017,
author = "Raúl Mur Artal",
title = "{Real-Time Accurate Visual SLAM with Place Recognition}",
journal = "Universidad de Zaragona",
pages = "19",
year = 2017
}

@inproceedings{likhachev2002,
author = "Maxim Likhachev and Sven Koenig",
title = "{Speeding up the Parti-Game Algorithm}",
booktitle = "NIPS",
pages = "1563-1570",
year = 2002
}

@article{lin1980,
author = "Y. Lin and A. Buzo and R. M. Gray",
title = "{An algorithm for vector quantization design}",
journal = "IEEE Trans. Comm., Col.",
volume = "COM-26",
pages = "84-95",
year = 1980
}

@article{lin1980etal,
author = "Y. Lin and others",
title = "{An algorithm for vector quantization design}",
journal = "IEEE Trans. Comm., Col.",
volume = "COM-26",
pages = "84-95",
year = 1980
}

@inproceedings{littman1995,
author = "Michael L. Littman and Anthony R. Cassandra and Leslie Pack Kaelbling",
title = "{Learning Policies for Partially Observable Environments: Scaling Up}",
booktitle = "Proceedings of the Twelfth International Conference on Machine Learning",
pages = "362-370",
year = 1995
}

@inproceedings{littman1995etal,
author = "Michael L. Littman and others",
title = "{Learning Policies for Partially Observable Environments: Scaling Up}",
booktitle = "Proceedings of International Conference on Machine Learning",
pages = "362-370",
year = 1995
}

@article{lloyd1982,
author = "S. P. Lloyd",
title = "{Least squares quantization in PCM}",
journal = "IEEE Trans. on Information Theory",
volume = "IT-28",
number = 2,
pages = "129-137",
year = 1982
}

@article{lu1997,
author = "F. Lu and E. Milios",
title = "{Globally Consistent Range Scan Alignment for Environment Mapping}",
journal = "Autonomous Robots",
volume = "4",
number = 4,
pages = "333-349",
year = 1997
}

@inproceedings{matsumoto2002,
author = "Kohsei Matsumoto and Huiying Chen and Kenichi Shimada and Jun Ota and Tamio Arai",
title = "{Automatic Parameter Identification for Distributedly Placed Modular Robots}",
booktitle = "Proc. of IEEE ICRA",
pages = "4089-4094", 
year = 2002
}

@inproceedings{matsumoto2002etal,
author = "Kohsei Matsumoto and others",
title = "{Automatic Parameter Identification for Distributedly Placed Modular Robots}",
booktitle = "Proc. of IEEE ICRA",
pages = "4089-4094", 
year = 2002
}

@article{matsuyama2015,
author = "Yoichi Matsuyama and Akihiro Saito and Shinya Fujie and Tetsunori Kobayashi",
title = "{Automatic Expressive Opinion Sentence Generation for Enjoyable Conversational Systems}",
journal = "IEEE/ACM Transactions on Audio, Speech, and Language Processing",
volume = 23, 
number = 2,
pages = "313-326",
year = 2015}

@article{menegatti2004,
author = "E. Menegatti, M. Zoccarato, E. Pagello and H. Ishiguro",
title = "{Image-Based Monte-Carlo Localisation with Omnidirectional Images}", journal = "Robotics and Autonomous Systems",
volume = 48, 
number = 1,
pages = "17-30",
year = 2004}

@article{menegatti2004etal,
author = "E. Menegatti and others",
title = "{Image-Based Monte-Carlo Localisation with Omnidirectional Images}",
journal = "Robotics and Autonomous Systems",
volume = 48, 
number = 1,
pages = "17-30",
year = 2004}


@book{montemerlo2003,
author = "Michael Montemerlo",
title = "{FastSLAM: A Factored Solution to the Simultaneous Localization and Mapping Problem With Unknown Data Association}",
publisher = "Doctor Thesis",
address = "Carnegie Mellon University",
year = 2003
}

@inproceedings{montemerlo2011,
author = "Rosemary Emery-Montemerlo and Geoff Gordon and Jeff Schneider and Sebastian Thrun",
title = "{Approximate Solutions For Partially Observable Stochastic Games with Common Payoffs}",
booktitle = "Proc. of the Third International Joint Conference on Autonomous Agents and Multiagent Systems",
volume = 1,
pages = "136-143", 
year = 2011
}

@article{moody1989,
author = "John Moody and Christian J. Darken",
title = "{Fast Learning in Networks of Locally-Tuned Processing Units}",
journal = "Neural Computation",
volume = 1,
number = 2,
pages = "281-294",
year = 1989
}

@article{moser2008,
author = "Edvard I Moser and May-Britt Moser",
title = "{A Metric for Space}",
journal = "Hippocampus",
volume = 18,
number = 12,
pages = "1142-1156",
year = 2008
}

@article{muller1987,
author = "Muller, R. U. and Kubie, J. L.",
title = "{The effects of changes in the environment on the spatial firing of hippocampal complex-spike cells}", 
journal = "The Journal of neuroscience",
volume = 7,
number ="7",
pages = "1951-1968",
year = 1987
}


@article{muller2002,
author = "Martin M{\"u}ller",
title = "{Computer Go}", 
journal = "Artificial Intelligence",
volume = 134,
number ="1-2",
pages = "145-179",
year = 2002
}

@article{munos1998,
author = "R{\'e}mi Munos and Andrew Moore",
title = "{Barycentric Interpolator for Continuous Space and Time Reinforcement Learning}",
journal = "Neural Information Processing Systems 11",
publisher = "MIT Press",
pages = "1024-1030",
year = 1998
}

@article{munos2002,
author = "R{\'e}mi Munos and Andrew Moore",
title = "{Variable Resolution Discretization in Optimal Control}",
journal = "Machine Learning",
volume = 49,
number = "2-3",
publisher = "Springer Netherlands",
pages = "291-323",
year = 2002
}

@inproceedings{osumi2006,
author = "Hisashi Osumi and Shogo Kamiya and Hirokazu Kato and Kazunori Umeda and Ryuichi Ueda and Tamio Arai",
title = "{Time Optimal Control for Quadruped Walking Robots}",
booktitle = "Proc of IEEE/ICRA",
year = "2006"
}

@article{petrovskaya2009,
author = "Anna Petrovskaya and Sebastial Thrun",
title = "{Model based vehicle detection and tracking for autonomous urban driving}",
journal = "Autonomous robotics",
publisher = "Springer",
pages = "123-139",
year = 2009
}

@book{pfeifer2001,
author = "Rolf Pfeifer and Christian Scheier",
title = "{Understanding Intelligence}",
publisher = "The MIT Press",
year = 2001
}

@article{pfeiffer2013,
author = "Brad E. Pfeiffer and David J. Foster",
title = "{Hippocampal place-cell sequences depict future paths to remembered goals}",
journal = "Nature",
publisher = "Macmillan",
pages = "74-79",
year = 2013
}

@book{pierre1986,
author = "Donald A. Pierre",
title = "{Optimization Theory with Applications}",
publisher = "Dover Publications, Inc.",
address = "Mineola, NY",
year = 1986
}



@article{barron1998,
author = "Andrew Barron and Jorma Rissanen and Bin Yu", 
title = "{The Minimum Description Length Principle in Coding and Modeling}",
journal = "IEEE Trans. on Information Theory",
volume = 44,
number = 6,
pages = "2743-2760",
year = 1998
}

@article{rissanen1999,
author = "J. Rissanen", 
title = "{Hypothesis Selection and Testing by the MDL Principle}",
journal = "The Computer Journal",
volume = 42,
number = 4,
pages = "260-269",
year = 1999
}

@article{schmitt2002,
author = "Thorsten Schmitt and Robert Hanek and Michael Beetz and Sebastian Buck and Bernd Eadig",
title = "{Cooperative Probabilistic State Estimation for Vision-Based Autonomous Mobile Robots}",
journal = "IEEE Trans. on Robotics and Automation",
volume = 18,
number = 5,
pages = "670-684",
year = 2002
}

@article{spellman2015,
author = "Timothy Spellman and Mattia Rigotti and Susanne E. Ahmari and Stefano Fusi and Joseph A. Gogos and Joshua A. Gordon",
title = "{Hippocampal-prefrontal input supports spatial encoding in working memory}",
journal = "Nature",
volume = 522,
pages = "309-314",
year = 2015
}

@article{spellman2015etal,
author = "Timothy Spellman and others",
title = "{Hippocampal-prefrontal input supports spatial encoding in working memory}",
journal = "Nature",
volume = 522,
pages = "309-314",
year = 2015
}

@article{szeliski1996,
author = "Richard Szeliski",
title = "{Video Mosaics for Virtual Environments}",
journal = "IEEE Computer Graphics and Applications",
volume = 16,
number = 2,
pages = "22-30",
year = 1996
}


@article{tuyls2003,
author = "Karl Tuyls and Sam Maes and Bernard Manderick",
title = "{Reinforcement Learning in Large State Spaces -- Simulated Robotic Soccer as a Testbed}",
journal = "Gal A. Kaminka, {\it et al.} (Eds.) RoboCup 2002: Robot Soccer World Cup VI",
pages = "319-326",
year = 2003
}

@article{tuyls2003etal,
author = "Karl Tuyls and others",
title = "{Reinforcement Learning in Large State Spaces -- Simulated Robotic Soccer as a Testbed}",
journal = "Gal A. Kaminka, {\it et al.} (Eds.) RoboCup 2002: Robot Soccer World Cup VI",
pages = "319-326",
year = 2003
}

@inproceedings{kamiya2004,
author = "S. Kamiya and H. Osumi and K. Umeda and T. Arai",
title = "{Development of the High Speed Walking for Quadrupted Robots}",
booktitle = "Proc. of Robotics Symposia",
address = "Okinawa, Japan",
year = "2004 (In Japanese)"
}

@article{kawewong2013,
author = "Aram Kawewong and Noppharit Tongprasit and Osamu Hasegawa",
title = "{A speeded-up online incremental vision-based loop-closure detection for long-term SLAM}",
journal = "Advanced Robotics",
volume = 17,
number = 27,
pages = "1325-1336",
year = 2013
}

@article{franz2000,
author = "Matthias O. Franz and Hanspeter A. Mallot",
title = "{Biomimetic robot navigation}",
journal = "Robotics and autonomous Systems",
volume = 30,
pages = "133-153",
year = 2000
}

@inproceedings{lima2005,
author = "Pedro Lima and Luis Custo'dio",
title = "{RoboCup 2004 Overview}",
editor = "D. Nardi and others",
booktitle = "RoboCup 2004: Robot Soccer World Cup VIII",
pages = "1-17",
year = 2005
}


@article{kleiner2002,
author = "Alexander Kleiner and Markus Dietl and Bernhard Nebel",
title = "{Towards a Life-Long Learning Soccer Agent}",
journal = "Gal A. Kaminka, {\it et al.} (Eds.) RoboCup 2002: Robot Soccer World Cup VI",
pages = "126-134",
year = 2003
}

@inproceedings{kwok2003,
author = "Kody Kwok and Dieter Fox and Marina Meila",
title = "{Adaptive Real-time Particle Filters for Robot Localization}",
booktitle = "Proc. of IEEE ICRA",
pages = "2836-2841",
year = 2003
}

@inproceedings{kwok2003etal,
author = "Kody Kwok and others",
title = "{Adaptive Real-time Particle Filters for Robot Localization}",
booktitle = "Proc. of IEEE ICRA",
pages = "2836-2841",
year = 2003
}

@inproceedings{laue2004,
author = "Tim Laue and Thomas R{\"o}fer",
title = "{A Behavior Architecture for Autonomous Mobile Robots Based on Potential Fields}",
booktitle = "Proc. of RoboCup 2004 symposium",
pages = "CD-ROM",
year = 2004
}

@inproceedings{mitsunaga,
author = "Noriaki Mitsunaga and Minoru Asada",
title = "{O}bservation strategy for decision making based on information criterion",
booktitle = "{P}roc. of IROS-2000",
pages = "1211-1216",
year = 2000
}

@article{moore1995,
author = "Andrew W. Moore and Christopher G. Atkeson",
title = "{The Parti-game Alogirthm for Variable Resolution Reinforcement Learning in Multidimensional State-spaces}",
journal = "Machine Learning",
Volume = 21,
year = 1995
}

@inproceedings{moreno1999,
author = "L. Moreno and J. M. Armingol and A. de la Escalera and M. A. Salichs",
title = "Global Integration of Ultrasonic Sensors Information in Mobile Robot Localization",
booktitle = "9th International Conference on Advanced Robotics (ICAR)",
address = "Tokyo, Japan",
year = 1999
}


@book{najima2003,
author = "Hiroki Najima and others",
title = "{The Kyushu United Team 2003 in the Four Legged Robot League}",
publisher = "http://www.asura.ac/",
year = 2003}

@book{nardi2005,
author = "Daniele Nardi and Martin Riedmiller and Claude Sammut and Jose' Santos-Victor",
title = "{RoboCup 2004: Robot Soccer World Cup VIII}",
publisher = "Springer",
year = 2005
}

@inproceedings{nitschke2006,
author = "Geoff Nitschke",
title = "Emergent Cooperation in RoboCup: A Review",
booktitle = "RoboCup 2005: Robot Soccer World Cup IX",
pages = "512-520",
year = 2006
}

@inproceedings{ota2004,
author = "Jun Ota",
title = "{Rearrangement of Multiple Movable Objects}",
booktitle = "Proc. of IEEE ICRA",
pages = "1962-1967", 
year = 2004
}

@inproceedings{spong1994,
author = "Mark W. Spong",
title = "{Swing Up Control of the Acrobot}",
booktitle = "Proc. of IEEE ICRA",
pages = "2356-2361", 
year = 1994
}

@article{spong1995,
author = "Mark W. Spong",
title = "{The swing up control problem for the Acrobot
}",
journal = "IEEE Control Systems Magazine",
volume = 15,
number = 1,
pages = "49-55",
year = 1995
}


@inproceedings{radhakrishnan1999,
author = "Dandapani Radhakrishnan and Illah R. Nourbakhsh",
title = "{Topological Robot Localization by Training a Vision-based Transition Detector}",
booktitle = "Proc. of IROS",
pages = "468-473",
year = 1999
}

@book{raymond2003,
author = "Eric Raymond",
title = "{The Art of UNIX Programming}",
publisher = "Addison-Wesley",
year = 2003
}

@article{rofer2003,
author = "Thomas R{\"o}fer",
title = "{An Architecture for a National RoboCup Team}",
journal = "G.A. Kaminka {\it et al.} (Eds.): RoboCup 2002",
pages = "417-425",
year = 2003
}

@article{ross2008,
author = "Ste'phane Ross and Joelle Pineau and Se'bastien Paquet and Brahim Chaib-draa",
title = "{Online Planning Algorithms for POMDPs}",
journal = "Journal of Artificial Intelligence Resarch",
volume = 2008,
number = "32",
pages = "663-704",
year = 2008
}

@article{sargolini2006,
author = "Francesca Sargolini and Marianne Fyhn and Torkel Hafting and Bruce L. McNaughton and Menno P. Witter and May-Britt Moser and Edvard I. Moser",
title = "Conjunctive Representation of Position, Direction, and Velocity in Entorhinal Cortex",
journal = "Science",
volume = 312,
number = "5774",
pages = "758-762",
year = 2006
}

@article{sargolini2006etal,
author = "Francesca Sargolini and others",
title = "Conjunctive Representation of Position, Direction, and Velocity in Entorhinal Cortex",
journal = "Science",
volume = 312,
number = "5774",
pages = "758-762",
year = 2006
}

@article{samejima1999,
author = "K. Samejima and T. Omori",
title = "Adaptive internal state space construction method for reinforcement learning",
journal = "Neural Networks",
volume = 12,
number = "7-8",
pages = "1143-1155",
year = 1999
}

@article{sanderson2009etal,
author = "David J. Sanderson and others",
title = "{Enhanced long-term and impaired short-term spatial
memory in GluA1 AMPA receptor subunit knockout
mice: Evidence for a dual-process memory model}",
journal = "Learning \& Memory",
volume = 16,
number = 6,
pages = "379-386",
year = 2009
}

@article{sanderson2012,
author = "David J. Sanderson and David M. Bannerman",
title = "{The Role of Habituation in Hippocampus-Dependent Spatial Working Memory Tasks: Evidence From GluA1 AMPA Receptor Subunit Knockout Mice}",
journal = "Hippocampus",
volume = 22,
number = "5",
pages = "981-994",
year = 2012
}

@inproceedings{simoncelli2000,
author = "Maurizio Simoncelli and Guido Zunino and Henrik Christensen",
title = "{Autonomous Pool Cleaning: Self Localization and Autonomous Navigation for Cleaning}",
booktitle = "Autonomous Robots",
volume = 9,
pages = "261-270",
year = 2000
}
@inproceedings{simoncelli2000etal,
author = "M. Simoncelli and others",
title = "{Autonomous Pool Cleaning: Self Localization and Autonomous Navigation for Cleaning}",
booktitle = "Autonomous Robots",
volume = 9,
pages = "261-270",
year = 2000
}

@inproceedings{smith1990,
author = "Randall Smith and Matthew Self and Peter Cheeseman",
title = "{Estimating Uncertain Spatial Relationships in Robotics}",
booktitle = "I. Cox and G. Wilfong, eds., Autonomous Robot Vehicles",
publisher = "Springer",
pages = "167-193",
year = 1990
}

@inproceedings{takahashi2002,
author = "Yasutake Takahashi and others",
title = "{Behavior Acquisition based on Multi-Module Learning System in Multi-Agent Environment}",
booktitle = "Proc. of International RoboCup Symposium",
pages = "404-411",
year = 2002
}

@inproceedings{takahashi2,
author = "Yasutake Takahashi and Masanori Takeda and Minoru Asada",
title = "{Continuous Valued Q-learning for Vision-Guided Behavior Acquisition}",
booktitle = "Proc. of the 1999 IEEE International Conference on Multisensor Fusion and Integration for Intelligent Systems",
pages = "255-260",
year = 1999
}

@inproceedings{takahashi2etal,
author = "Y. Takahashi and others",
title = "{Continuous Valued Q-learning for Vision-Guided Behavior Acquisition}",
booktitle = "Proc. of IEEE MFI-1999",
pages = "255-260",
year = 1999
}

@article{takahashi2001,
author = "Yasutake Takahashi and Masanori Takeda and Minoru Asada",
title = "{Improvement Continuous Valued Q-learning and Its Application to Vision Guided Behavior Acquisition}",
journal = "RoboCup 2000: Robot Soccer. World Cup IV",
pages = "385-390",
year = 2001
}

@inproceedings{takahashi2005,
author = "Yasutake Takahashi and others",
title = "{Simultaneous Learning to Acquire Competitive Behaviors in Multi-Agent System based on a Modular Learning System}",
booktitle = "Proc. of IEEE/RSJ IROS",
pages = "153-159",
year = 2005
}


@inproceedings{takeda2003,
author = "Haruo Takeda and Toshio Moriya and Kei Utsugi and Yosuke Sato and Masami Yamasaki and Tsuyoshi Minakawa",
title = "{Distributed Video Editing for Array of Projectors}",
booktitle = "Applied Informatics",
pages = "851-856",
year = 2003
}

@article{tashiro1992,
author = "Hirofumi Tashiro",
title = "{Micromouse `Mappy'}",
journal = "Advanced Robotics",
volume = 6,
number = 3,
pages = "361-363",
year = 1992
}

@article{tero2010etal,
author = "Atsushi Tero and others",
title = "{Rules for Biologically Inspired Adaptive Network Design}",
journal = "Science",
volume = 327,
pages = "439-442",
year = 2010
}

@article{tsai1987,
author = "R. Tsai",
title = "{A versatile camera calibration technique for high accuracy 3D machine vision metrology using off-the-shelf TV camera and lenses}",
journal = "IEEE Journal of Robotics and Automation",
volume = 3,
number = 4,
pages = "323-344",
year = 1987
}

@article{tsai2000,
author = "Jyi-Chang Tsai and Chaur-Heh Hsieh and Te-Cheng Hsu",
title = "{A New Dynamic Finite-State Vector Quantization Algorithm for Image Compression}",
journal = "IEEE Trans. on Image Processing",
volume = 9,
number = 11,
pages = "1825-1836",
month = "Nov.",
year = 2000
}

@inproceedings{ito2002,
author = "K. Ito and F. Mathuno",
title = "{A Study of Reinforcement Learning for the Robot with Many Degrees of Freedom -Acquisition of Locomotion Patterns for Multi Legged Robot-}",
booktitle = "Proc. of ICRA-2002",
pages = "3392-3396",
year = 2002
}


@article{ito2015,
author = "Hiroshi T. Ito and Sheng-Jia Zhang and Menno P.Witter and Edvard I. Moser and May-Britt Moser",
title = "{A prefrontal-thalamo-hippocampal circuit for goal-directed spatial navigation}",
journal = "Nature",
volume = 522,
pages = "50-55",
month = "June",
year = 2015
}

@article{ito2015etal,
author = "Hiroshi T. Ito and others",
title = "{A prefrontal-thalamo-hippocampal circuit for goal-directed spatial navigation}",
journal = "Nature",
volume = 522,
pages = "50-55",
month = "June",
year = 2015
}

@article{equitz,
author = "W. H. Equitz",
title = "A new vector quantization clustering algorithm",
journal = "IEEE Trans. Acoust. Speech Signal Process",
volume = 37,
number = 10,
pages = "1568-1575",
year = 1989
}



@inproceedings{roy1999a,
   author = "Nicholas Roy and Sebastian Thrun",
   title = "{Coastal Navigation with Mobile Robots}",
   booktitle = "Advances in Neural Information Processing Systems",
pages= "1043-1049",
   year = "1999"
}

@inproceedings{roy1999b,
   author = "Nicholas Roy and Wolfram Burgard and Dieter Fox and Sebastian Thrun",
   title = "{Coastal Navigation - Mobile Robot Navigation with Uncertainty in Dynamic Environments}",
   booktitle = "Proc. of IEEE ICRA",
pages= "35-40",
   year = "1999"
}

@inproceedings{roy1999icraetal,
   author = "Nicholas Roy and others",
   title = "{Coastal Navigation - Mobile Robot Navigation with Uncertainty in Dynamic Environments}",
   booktitle = "Proc. of ICRA",
pages= "35-40",
   year = 1999
}

John Thornton, Jolon Faichney, Michael Blumenstein, Trevor Hine
@inproceedings{thornton2008,
author = "John Thornton and Jolon Faichney and Michael Blumenstein and  Trevor Hine",
title = "{Character Recognition Using Hierarchical Vector Quantization and Temporal Pooling}",
booktitle = "AI 2008: Advances in Artificial Intelligence
Lecture Notes in Computer Science",
volume = 5360,
pages = "562-572",
year = 2008 
}

@inproceedings{thrun1999,
    author = "Sebastian Thrun and Maren Bennewitz and Wolfram Burgard and Armin B. Cremers and Frank Dellaert and Dieter Fox and Dirk Hahnel and Charles R. Rosenberg and Nicholas Roy and Jamieson Schulte and Dirk Schulz",
    title = "{MINERVA: A Tour-Guide Robot that Learns}",
    booktitle = "{KI} - Kunstliche Intelligenz",
    pages = "14-26",
    year = 1999
}

@article{thrun2000,
   author = "Sebastian Thrun",
   title = "{Monte Carlo POMDPs}",
   journal = "Neural Information Processing Systems",
   volume = 12,
   publisher = "MIT Press",
   pages = "1064-1070",
   year = 2000
}

@inproceedings{thrun2000b,
   author = "Sebastian Thrun and Wolfram Burgard and Dieter Fox",
   title = "{A real-Time Algorithm for Mobile Robot Mapping With Applications to Multi-Robot and 3D Mapping}",
booktitle = "Proc. of the 2000 IEEE International Conference on Robotics and Automation (ICRA2000)",
   pages = "321-328",
   year = 2000
}

@book{thrun2005,
author = "Sebastian Thrun and Wolfram Burgard and Dieter Fox",
title = "{Probabilistic ROBOTICS}",
publisher = "MIT Press",
year = 2005
}

@article{thrun2006,
   author = "Sebastian Thrun and Michael Montemerlo",
   title = "{The GraphSLAM Algorithm with Applications to Large-Scale Mapping of Urban Structures}",
   journal = "International Journal of Robotics Research",
   volume = 25,
   number = "5-6",
   pages = "403-429",
   year = 2006
}

@book{thrun2005etal,
author = "Sebastian Thrun and others",
title = "{Probabilistic ROBOTICS}",
publisher = "MIT Press",
year = 2005
}

@article{thrun2006dgc,
   author = "Sebastian Thrun and others",
   title = "{Stanley: The robot that won the DARPA Grand Challenge}",
   journal = "Journal of Field Robotics",
   volume = 23,
   number = 9,
   publisher = "Wiley",
   pages = "661-692",
   year = 2006
}

@article{fox2000, 
author = "Dieter Fox and Sebastian Thrun and Wolfram Burgard and Frank Dellaert",
title = "{Particle Filters for Mobile Robot Localization}", 
journal = "A. Doucet, N. de Freitas, and N. Gordon, editors, Sequential Monte Carlo Methods in Practice", 
publisher = "Springer Verlag",
pages = "470-498",
year = "2000" 
}

@article{fox2000etal, 
author = "Dieter Fox and others",
title = "{Particle Filters for Mobile Robot Localization}", 
journal = "A. Doucet, N. de Freitas, and N. Gordon, editors, Sequential Monte Carlo Methods in Practice", 
publisher = "Springer Verlag",
pages = "470-498",
year = "2000" 
}

@article{Fox98Act, 
author = "Dieter Fox and Wolfram Burgard and Sebastian Thrun",
title = "{Active Markov Localization for Mobile Robots}", 
journal = "Robotics and Autonomous Systems", 
volume = 25, 
pages = "195-207", 
year = "1998" 
} 

@inproceedings{fox1999,
author = "Dieter Fox and Wolfram Burgard and Frank Dellaert and Sebastian Thrun",
title = "{Monte Carlo Localization: Efficient Position Estimation for Mobile Robots}",
booktitle = "Proc. of AAAI-99",
pages = "343-349",
year = "1999"
}

@inproceedings{fox1999etal,
author = "D. Fox and others",
title = "{Monte Carlo Localization: Efficient Position Estimation for Mobile Robots}",
booktitle = "Proc. of AAAI",
pages = "343-349",
year = "1999"
}

@article{fox2003,
author = "Dieter Fox",
title = "{Adapting the Sample Size in Particle Filters Through KLD-Sampling}",
journal = "International Journal of Robotics Research",
volume = 22,
number = 12,
pages = "985-1004",
year = 2003
}

@inproceedings{fujie2009,
author = "Shinya Fujie and Yoichi Matsuyama and HikaruTaniyamaand Tetsunori Kobayashi",
title = "{Conversation robot participating in and activating a group communication}",
booktitle = "Proc. of INTERSPEECH",
pages = "264,267",
year = "2009"
}

@article{fujita2003,
author = "Masahiro Fujita",
title = "{Sony Four Legged Robot League at RoboCup 2002}",
journal = "Gal A. Kaminka, {\it et al.} (Eds.) RoboCup 2002: Robot Soccer World Cup VI",
pages = "469-476",
year = 2003
}

@article{grisetti2007,
author = "Giorgio Grisetti and Cyrill Stachniss and Wolfram Burgard",
title = "{Improved Techniques for Grid Mapping with Rao-Blackwellized Particle Filters}",
journal = "IEEE Transactions on Robotics",
pages = "34-46",
volume = 23,
number = 1,
year = 2007
}

@inproceedings{gutmann2002,
author = "Jens-Steffen Gutmann and Dieter Fox",
title = "{An Experimental Comparison of Localization Methods Continued}",
booktitle = "Proc. of the IEEE/RSJ International Conference on Intelligent Robots and Systems (IROS)",
pages = "454-459",
year = "2002"
}

@inproceedings{gutmann2002etal,
author = "J. Gutmann and Dieter Fox",
title = "{An Experimental Comparison of Localization Methods Continued}",
booktitle = "Proc. of IROS",
pages = "454-459",
year = 2002
}

@inproceedings{janghel2013,
author = "R. R. Janghel and Ritu Tiwari and Anupam Shukla",
title = "{Breast Cancer Diagnostic System using Hierarchical Learning Vector Quantization}",
booktitle = "IJCA Proceedings on National Seminar on Application of Artificial Intelligence in Life Sciences",
pages = "14-18",
year = 2013
}

@article{jensfelt,
author = "P. Jensfelt and S. Kristensen",
title = "{Active Global Localization for a Mobile Robot Using Multiple Hypothesis Tracking}",
journal = "IEEE Trans. on Robotics and Automation",
volume =17,
number = 5,
pages = "748-760", 
year = 2001
}

@inproceedings{kitano1997,
author = "Hiroaki Kitano and Minoru Asada and Yasuo Kuniyoshi and Itsuki Noda and Eiichi Osawa",
title = "{RoboCup: The Robot World Cup Initiative}",
booktitle = "Proc of The First International Conference on Autonomous Agent",
pages = "340-347",
year = 1997
}


@inproceedings{kaneda2002,
author = "Xin Xin and Masahiro Kaneda",
title = "{The Swing up Control for the Acrobot based on Energy Control Approach}",
booktitle = "Proc. of IEEE Conf. on Decision and Control",
pages = "3261-3266",
year = 2002
}


@inproceedings{kaneda2004,
author = "Xin Xin and Masahiro Kaneda",
title = "{New Analytical Results of the Energy Based Swinging up Control of the Acrobot}",
booktitle = "Proc. of IEEE Conf. on Decision and Control",
pages = "704-709",
year = 2004
}

@inproceedings{kristensen2003,
author = "Steen Kristensen and Patric Jensfelt",
title = "{An Experimental Comparison of Localisation Methods, the MHL Sessions}",
booktitle = "Proc. of IROS",
pages = "992-997",
year = 2003
}

@article{leijen2001,
author = "Daan Leijen and Erik Meijer",
title = "Parsec: A practical parser library",
journal = "Electronic Notes in Theoretical Computer Science",
volume = 41,
number = 1,
year = 2001
}


@inproceedings{lenser2000,
author = "Scott Lenser and Manuela Veloso",
title = "Sensor Resetting Localization for Poorly Modelled Robots",
booktitle = "Proc. of IEEE ICRA",
pages = "1225-1232",
year = 2000
}

@inproceedings{lenser2000etal,
author = "S. Lenser and others",
title = "Sensor Resetting Localization for Poorly Modelled Robots",
booktitle = "Proc. of IEEE ICRA",
pages = "1225-1232",
year = 2000
}

@inproceedings{hengst2001,
author = "Bernherd Hengst and Darren Ibbotson and Son Bao Pham and Claude Sammut",title = "{Omnidirectional Locomotion for Quadruped Robots}",
booktitle = "Proc. of RoboCup 2001 International Symposium",
year = 2001
}

@inproceedings{hanek2002,
author = "Robert Hanek and Thorsten Schmitt and Sebastian Buck and Michael Beetz",
title = "{Towards RoboCup without Color Labeling}",
booktitle = "The 2002 International RoboCup Symposiums Pre-Proceedings",
page = "173-188",
year = 2002
}

@inproceedings{hanek2002,
author = "Robert Hanek and Thorsten Schmitt and Sebastian Buck and Michael Beetz",
title = "{Towards RoboCup without Color Labeling}",
booktitle = "The 2002 International RoboCup Symposiums Pre-Proceedings",
page = "173-188",
year = 2002
}

@article{hayashibara2015,
author = "Yasuo Hayashibara and others",
title = "{CIT Brains KidSize Robot: RoboCup 2014 Best Humanoid Award Winner}",
journal = "RoboCup 2014: Robot World Cup XVIII",
volume = 8992, 
pages = "82-93",
year = 2015
}

@article{hayashibara2016,
author = "Yasuo Hayashibara and others",
title = "{CIT Brains KidSize Robot: RoboCup 2015 KidSize League Winner}",
journal = "RoboCup 2015: Robot World Cup XIX",
volume = 9513, 
pages = "153-164",
year = 2016
}

@article{hinton2006,
author = "G. E. Hinton and R. R. Salakhutdinov",
title = "{Reducing the Dimensionality of Data with Neural Networks}",
journal = "Science",
volume = 313, 
number = 5786,
pages = "504-507",
year = 2006
}

@article{hinton2006b,
author = "Geoffrey E. Hinton and Simon Osindero and Yee-Whye Teh",
title = "{A Fast Learning Algorithm for Deep Belief Nets}",
journal = "Neural Computation",
volume = 18, 
pages = "1527-1554",
year = 2006
}

@inproceedings{jitsukawa2005,
author = "Yoshiaki Jitsukawa and Ryuichi Ueda and Tamio Arai and Toshifumi Kikuchi and Kazunori Umeda",
title = "{An Object Recognition method using Fuzzy Color Classification}",
booktitle = "Proc. of 36th International Symposium on Robotics (ISR)",
year = 2005
}

@inproceedings{jitsukawa2005etal,
author = "Yoshiaki Jitsukawa and others",
title = "{An Object Recognition method using Fuzzy Color Classification}",
booktitle = "Proc. of 36th International Symposium on Robotics (ISR)",
year = 2005
}

@inproceedings{jitsukawa2007etal,
author = "Yoshiaki Jitsukawa and others",
title = "{Fast Decision Making of Autonomous Robot under Dynamic Environment by Sampling Real-Time Q-MDP Value Method}",
booktitle = "Proc. of IROS",
pages = "1644-1650",
year = 2007
}

@book{joseph2015,
author = "Lentin Joseph",
title = "{Mastering Ros for Robotics Programming}",
publisher = "Packt Publishing",
year = 2015
}

@inproceedings{johansson2001,
author = "Stefan J. Johansson and Alessandro Saffiotti",
title = "{Using the Electric Field Approach in the RoboCup Domain}",
booktitle = "A. Birk, S. Coradeschi, and S.Tadokoro (Eds.): RoboCup 2001: Robot Soccer World Cup V", 
page = "399-404",
publisher = "Springer-Verlag",
year = 2002
}

@inproceedings{joshi2002,
author = "M. V. Joshi and Subhasis Chaudhuri",
title = "{Super-Resolution Imaging: Use of Zoom as a Cue}",
booktitle = "Proc. of ICVGIP",
month = "Dec.",
year = 2002
}

@inproceedings{kobayashi1999,
author = "Yuichi Kobayashi and Hideo Yuasa",
title = "{Team ARAIBO}",
booktitle = "M. Veloso et al. eds., RoboCup-99: Robot Soccer World Cup III",
pages = "758-761",
year = 2000
}

@inproceedings{lavalle1999,
author = "S. M. LaValle and J. J. Kuffner",
title = "{Randomized Kinodynamic Planning}",
booktitle = "Proc. of IEEE International Conference on Robotics and Automation",
pages = "473-479",
year = 1999
}

@article{lavalle2000,
author = "Steven M. LaValle",
title = "{Robot Motion Planning: A Game--Theoretic Foundation}",
journal = "Algorithmica",
volume = 26, 
pages = "430-465",
year = 2000
}

@article{nguyen2001,
author = "Nhat Nguyen and Peyman Milanfar and Gene Golub",
title = "{A Computationally Efficient Superresolution Image Reconstruction Algorithm}",
journal = "IEEE Trans. on Image Processing",
volume = 10, 
number = 4,
pages = "573-583",
year = 2001
}

@article{pagello2004,
author = "Enrico Pagello and Emanuele Menegatti and Ansgar Bredenfeld and Paulo Costa and Thomas Christaller and Adam Jacoff and Jeffrey Johnson and Martin Riedmiller and Alessandro Saffiotti and Takashi Tomoichi",
title = "{Overview of RoboCup 2003 Competition and Conferences}",
journal = "D. Polani et al. (Eds.): RoboCup 2003: Robot Soccer World Cup VII",
pages = "1-14",
year = 2004
} 

@inproceedings{pineau2005,
  author    = {Joelle Pineau and Geoffrey J. Gordon},
  title     = {{POMDP} Planning for Robust Robot Control},
  booktitle = {Robotics Research: Results of the 12th International Symposium, {ISRR}
               2005, October 12-15, 2005, San Francisco, CA, {USA}},
  pages     = {69--82},
  year      = {2005},
}

@book{polani2004,
author = "Daniel Polani and Brett Browning and Andrea Bonarini and Kazuo Yoshida",
title = "{RoboCup 2003: Robot Soccer World Cup VII}",
publisher = "Springer",
year = 2004
}

@book{quigley2015,
author = "Morgan Quigley and others",
title = "{Programming Robots With Ros}",
publisher = "O'reilly",
year = 2015
}

@inproceedings{quigley2009,
author = "Morgan Quigley and others",
title = "{ROS: an open-source Robot Operating System}",
booktitle = "Open-Source Software workshop of the International Conference on Robotics and Automation",
year = 2009
}


@inproceedings{romero2000,
author = "L. Romero and E. Morales and Luis Enrique Sucar",
title = "{A Robust Exploration and Navigation Approach For Indoor Mobile Robots Merging Local and Global Strategies}",
booktitle = "M. C. Monard, J. S. Sichman (Eds.): Advances in Artificial Intelligence", 
page = "389-398",
publisher = "Springer-Verlag",
year = 2000
}

@inproceedings{romero2000etal,
author = "L. Romero and others",
title = "{A Robust Exploration and Navigation Approach For Indoor Mobile Robots Merging Local and Global Strategies}",
booktitle = "M. C. Monard, J. S. Sichman (Eds.): Advances in Artificial Intelligence", 
pages = "389-398",
publisher = "Springer-Verlag",
year = 2000
}

@inproceedings{romero2001,
author = "Leonardo Romero and Eduardo Morales and Enrique Sucar",
title = "{An Exploration and Navigation Approach For Indoor Mobile Robots Considering Sensor's Preceptual Limitations}",
booktitle = "Proc. of ICRA", 
pages = "3092-3097",
year = 2001
}

@book{ruby2011,
author = "Sam Ruby and others",
title = "{Agile Web Development With Rails}",
publisher = "Pragmatic Bookshelf",
year = 2011
}

@inproceedings{takeshita2006,
author = "Kazutaka Takeshita and Ryuichi Ueda and Tamio Arai",
title = "{Fast Vector Quantization for State-Action Map Compression}",
booktitle = "Proc. of The 9th International Conference on Intelligent Autonomous Systems (IAS-9)",
pages ="694-701",
year = 2006
}

@inproceedings{takeshita2006etal,
author = "Kazutaka Takeshita and others",
title = "{Fast Vector Quantization for State-Action Map Compression}",
booktitle = "Proc. of The 9th International Conference on Intelligent Autonomous Systems (IAS-9)",
pages ="694-701",
year = 2006
}

@article{tesauro1995,
author = "Gerald Tesauro",
title = "{Temporal Difference Learning and TD-Gammon}",
journal = "Communications of the ACM",
volume = 38,
number = 3,
pages = "58-68",
year = 1995
}

@article{tesauro2002,
author = "Gerald Tesauro",
title = "{Programming Backgammon Using Self-Teaching Neural Nets}",
journal = "Artificial Intelligence",
volume = 134,
number = "1-2",
pages = "181-199",
year = 2002
}

@article{thrun2001,
author = "Sebastian Thrun and Dieter Fox and Wolfram Burgardy and Frank Dellaert",
title = "{Robust Monte Carlo Localization for Mobile Robots}",
journal = "Artificial Intelligence Journal",
volume = 128,
number = "1-2",
pages = "99-141",
year = 2001
}

@article{thrun2001etal,
author = "S. Thrun and others",
title = "{Robust Monte Carlo Localization for Mobile Robots}",
journal = "Artificial Intelligence Journal",
volume = 128,
number = "1-2",
pages = "99-141",
year = 2001
}

@article{tsitsiklis1996,
author = "John N. Tsitsiklis and Benjamin Van Roy",
title = "{Feature-Based Methods for Large Scale Dynamic Programming}",
journal = "Machine Learning",
volume = 22,
pages = "59-94",
year = 1996
}
@inproceedings{trevai2003,
author = "Chomchana Trevai and Ryuichi Ueda and Toshio Moriya and Tamio Arai",
title = "{Mobile Robot System for Composition of Seamless and High Resolution Images --Mobile Robot Localization and Map Building}",
booktitle = "Proc. of IEEE International Conference on Systems, Man and Cybernetics (SMC)",
pages = {1822-1827},
year = 2003
}

@inproceedings{uchibe1996,
author = "Eiji Uchibe and Minoru Asada and Koh Hosoda",
title = "{Behavior Coordination for a Mobile Robot Using Modular Reinforcement Learning}",
booktitle = "Proceedings of IEEE/RSJ International Conference on Intelligent Robots and Systems",
pages = "1329-1336",
year = 1996
}

@inproceedings{ueda2002tdp,
author = "Ryuichi Ueda and others",
title = "{Team description of Team ARAIBO}",
booktitle = "Proc. of 2002 International RoboCup Symposium (CD-ROM)",
year = 2002
}

@inproceedings{ueda2002,
author = "Ryuichi Ueda and Takeshi Fukase and Yuichi Kobayashi and Tamio Arai and Hideo Yuasa and Jun Ota",
title = "{Uniform Monte Carlo Localization -- Fast and Robust Self-localization Method for Mobile Robots}",
booktitle = "Proc. of ICRA",
pages = "1353-1358",
year = 2002
}

@inproceedings{ueda2002etal,
author = "Ryuichi Ueda and others",
title = "{Uniform Monte Carlo Localization -- Fast and Robust Self-localization Method for Mobile Robots}",
booktitle = "Proc. of ICRA",
pages = "1353-1358",
year = 2002
}

@inproceedings{ueda2003,
author = "Ryuichi Ueda and Takeshi Fukase and Yuichi Kobayashi and Tamio Arai",
title = "{Vector Quantization for State-Action Map Compression}",
booktitle = "Proc. of ICRA",
pages = "2356-2361",
year = 2003
}

@inproceedings{ueda2003etal,
author = "R. Ueda and others",
title = "{Vector Quantization for State-Action Map Compression}",
booktitle = "Proc. of ICRA",
pages = "2356-2361",
year = 2003
}

@inproceedings{ueda2003iros,
author = "Ryuichi Ueda and Tamio Arai and Kazunori Asanuma and Shogo Kamiya and Kazunori Umeda",
title = "{Mobile Robot Navigation based on Expected State Value under Uncertainty of Self-localization}",
booktitle = "Proc. of IROS",
pages = "473-478",
year = 2003
}

@inproceedings{ueda2003irosetal,
author = "Ryuichi Ueda and others",
title = "{Mobile Robot Navigation based on Expected State Value under Uncertainty of Self-localization}",
booktitle = "Proc. of IROS",
pages = "473-478",
year = 2003
}

@inproceedings{ueda2004eietal,
author = "Ryuichi Ueda and others",
title = "Mobile Robot Control for Composition of Seamless and High-resolution Images in Library",
booktitle = "IS\&T/SPIE's 16th Annual Symposium on Electronic Imaging",
address = "San Jose, CA, USA",
year = 2004
}
@inproceedings{ueda2004icra,
author = "Ryuichi Ueda and Tamio Arai",
title = "{Value Iteration Under the Constraint of Vector Quantization for Improving Compressed State-Action Maps}",
booktitle = "Proc. of ICRA",
pages = "4771-4776",
year = 2004
}

@inproceedings{ueda2004icraetal,
author = "Ryuichi Ueda and others",
title = "{Value Iteration Under the Constraint of Vector Quantization for Improving Compressed State-Action Maps}",
booktitle = "Proc. of ICRA",
pages = "4771-4776",
year = 2004
}
@inproceedings{ueda2004iros,
author = "Ryuichi Ueda and Tamio Arai and Kohei Sakamoto and Toshifumi Kikuchi and Shogo Kamiya",
title = "{Expansion Resetting for Recovery from Fatal Error in Monte Carlo Localization -- Comparison with Sensor Resetting Methods}",
booktitle = "Proc. of IROS",
pages = "2481-2486",
year = 2004
}

@inproceedings{ueda2004irosetal,
author = "Ryuichi Ueda and others",
title = "{Expansion Resetting for Recovery from Fatal Error in Monte Carlo Localization -- Comparison with Sensor Resetting Methods}",
booktitle = "Proc. of IROS",
pages = "2481-2486",
year = 2004
}

@inproceedings{ueda2005icra,
author = "Ryuichi Ueda and Tamio Arai and Kohei Sakamoto and Yoshiaki Jitsukawa and Kazunori Umeda and Hisashi Osumi and Toshifumi Kikuchi and Masaki Komura",
title = "{Real-Time Decision Making with State-Value Function under Uncertainty of State Estimation}",
booktitle = "Proc. of ICRA",
pages = "3475-3480",
year = 2005
}

@inproceedings{ueda2005icraetal,
author = "Ryuichi Ueda and others",
title = "{Real-Time Decision Making with State-Value Function under Uncertainty of State Estimation}",
booktitle = "Proc. of ICRA",
year = 2005
}

@inproceedings{ueda2005iros,
author = "Ryuichi Ueda and Tamio Arai and Kazutaka Takeshita",
title = "{Vector Quantization for State-Action Map Compression --Comparison with Coarse Discretization Techniques and Efficiency Enhancement}",
booktitle = "Proc. of IROS",
pages = "166-171",
year = 2005
}

@inproceedings{ueda2005irosetal,
author = "Ryuichi Ueda and others",
title = "{Vector Quantization for State-Action Map Compression --Comparison with Coarse Discretization Techniques and Efficiency Enhancement}",
booktitle = "Proc. of IROS",
pages = "166-171",
year = 2005
}

@article{ueda2005jrsjetal,
author = "Ryuichi Ueda and others",
title = "{Lossy Compression of Deterministic Policy Map with Vector Quantization}",
journal = "Journal of The Robotics Society of Japan",
volume = 23,
number = 1,
pages = "104-112",
year = "2005 (in Japanese)"
}

@inproceedings{ueda2006iros,
author = "Ryuichi Ueda and Tamio Arai",
title = "{Creation and Compression of Global Control Policy for Swinging up Control of the Acrobot}",
booktitle = "Proc. of IROS",
pages = "2232-2237",
year = "2006"
}

@book{ueda2007dthesis,
author = "Ryuichi Ueda",
title = "{State-Action Map Compression by using Vector Quantization for Decision Making of Autonomous Robots}",
publisher = "Ph.D. Thesis, The University of Tokyo",
year = "2007",
}

Ph. D. Thesis, University of Tokyo, 2007.

@inproceedings{ueda2007icraetal,
author = "Ryuichi Ueda and others",
title = "{Dynamic Programming for Creating Cooperative Behavior of Two Soccer Robots ---Part1: Creation of State-Action Map}",
booktitle = "Proc. of ICRA",
year = "2007",
pages = "1-7"
}

@inproceedings{ueda2008dasetal,
author = "Ryuichi ueda and others",
title = "{Value Iteration for Creating Cooperative Behavior of Two Soccer Robots ---Creation and Evaluation of State-Action Map with 3 Billion States}",
booktitle = "Proc. of SICE DAS",
pages = "229-234",
year = "2008 (in Japanese)"
}

@inproceedings{ueda2008ias,
author = "Ryuichi Ueda",
title = "{Comparison of Data Amount for Representing Decision Making Policy}",
booktitle = "Proc. of IAS-10",
pages = "26-35",
year = "2008"
}

@inproceedings{ueda2014,
author = "Ryuichi Ueda",
title = "{Generation of Search Behavior by a Modification of Q-MDP Value}",
booktitle = "Proc. of IAS-13",
year = "2014"
}

@article{ueda2015,
author = "Ryuichi Ueda",
title = "{Generation of Compensation Behavior of Autonomous Robot for Uncertainty of Information with Probabilistic Flow Control}",
journal = "Advanced Robotics",
volume = "29",
number = 11,
pages = "721-734",
doi = "10.1080/01691864.2015.1009943",
year = "2015"
}

@inproceedings{ueda2015icam,
author = "Yukiko Nakagawa and others",
title = "{Raspberry Pi Mouse: A Micromouse with Full Linux Environment}",
booktitle = "{Proc. of 2015 JSME/RMD International Conference on Advanced Mechatronics (ICAM2015)}",
pages = "14-15",
year = 2015
}

@inproceedings{ueda2016ias,
author = "Ryuichi Ueda and Kotaro Mizuta and Hiroshi Yamakawa and Hiroyuki Okada",
title = "{Particle Filter on Episode for Learning Decision Making Rule}",
booktitle = "{Proc. of The 14th International Conference on Intelligent Autonomous Systems (IAS-14)}",
address = "Shanghai, China",
year = 2016
}

@inproceedings{unemi1999,
author = "T. Unemi and H. Saitoh",
title = "{Episode-based Reinforcement Learning --- an Instance-Based Approach for
Perceptual Aliasing}",
booktitle = "{Proc. of IEEE International Conference on Systems, Man, and Cybernetics}",
pages = "435-440",
year = 1999
}


@book{upton2014,
author = "Eben Upton and Gareth Halfacree",
title = "{Raspberry Pi User Guide 3rd Edition}",
publisher = "Wiley",
year = 2014
}

@inproceedings{veloso1998,
author = "Manuela Veloso and William Uther and Masahiro Fujita and Minoru Asada and Hiroaki Kitano",
title = "{Playing Soccer with Legged Robots}",
booktitle = "Proc. of IEEE/RSJ IROS-98",
year = 1998
}


@inproceedings{veloso1998etal,
author = "M. Veloso and others",
title = "{Playing Soccer with Legged Robots}",
booktitle = "Proc. of IEEE/RSJ IROS-98",
year = 1998
}

@article{watkins1992,
author = "Christopher J.C.H. Watkins and Peter Dayan",
title = "{Q-Learning}",
journal = "Machine Learning",
volume = 8,
number = "3-4",
pages = "279-292",
year = 1992
}

@article{wang2015,
author = "Y. Wang and R. Xiong and S. Huang",
title = "{A pose pruning driven solution to pose feature GraphSLAM}",
journal = "Advanced Robotics (online), doi: 10.1080/01691864.2014.998707",
year = 2015
}

@article{weigel2002,
author = "Thilo Weigel and Jens-Steffen Gutmann and Markus Dietl and Alexander Kleiner and Bernhard Nebel",
title = "{CS Freiburg: Coordinating Robots for Successful Soccer Playing}",
journal = "IEEE Trans. on Robotics and Automation",
volume = 18,
number = 5,
pages = "685-699",
year = 2002
}

@inproceedings{wendler,
author = "Jan Wendler and Steffen Br{\^u}ggert and Hans-Dieter Burkhard and Helmut Myritz",
title = "{Fault-tolerant self localization by case-based reasoning}",
booktitle = "Proc. of the fourth RoboCup Workshop, Melbourne, Australia",
year = 2000
}

@article{weng1992,
author = "J. Weng and others",
title = "{Camera alibration with distortion models and accuracy evaluation}",
journal = "IEEE Trans. Pattern Analysis and Machine Intelligence",
volume = 14,
number = 10,
pages = "965-980",
year = 1992
}

@inproceedings{whelan2015, 
    author    = {T. Whelan and S. Leutenegger and R. F. Salas-Moreno and B. Glocker and A. J. Davison}, 
    title     = {{ElasticFusion}: Dense {SLAM} Without A Pose Graph}, 
    booktitle = {Robotics: Science and Systems (RSS)}, 
    year      = {2015}, 
    address   = {Rome, Italy},
    month     = {July}
}

@book{wiener1961,
author = "Norbert Wiener",
title = "{Cybernetics: Or Control and Communication in the Animal and the Machine, second edition}",
publisher = "MIT Press",
year = 1961
}


@book{wiggins1990,
author = "S. Wiggins",
title = "{Introduction to Applied Nonlinear Dynamical Systems and Chaos}",
publisher = "Springer-Verlag",
year = 1990
}

@article{wilson1994,
author = "Randall H. Wilson and Jean-Claude Latombe",
title = "{Geometric Reasoning about Mechanical Assembly}",
journal = "Artificial Intelligence",
volume = 71,
number = 2,
pages = "371-396",
year = 1994
}

@article{wilson2013,
author = "David I.G. Wilson and Rosamund F. Langston and Magdalene I. Schlesiger and Monica Wagner and Sakurako Watanabe and James A. Ainge",
title = "{Lateral Entorhinal Cortex is Critical for Novel Object-Context Recognition}",
journal = "HIPPOCAMPUS",
volume = 23,
number = 5,
pages = "352-366",
year = 2013
}

@inproceedings{winner,
author = "E. Winner and M. Veloso",
title = "{M}ulti-{F}idelity {R}obotic {B}ehaviors: {A}cting {W}ith {V}ariable {S}tate {I}nformation",
booktitle = "{P}roc. of the {S}eventeenth {N}ational {C}onference on {A}rtificial {I}ntelligence",
pages = "872-877",
year = 2000
}

@article{wright2009,
author = "John Wright and Allen Y. Yang and Arvind Ganesh and S. Shankar Sastry and Yi Ma",
title = "{Robust Face Recognition via Sparse Representation}",
journal = "IEEE Transaction on Pattern Analysis and Machine Intelligence",
volume=31,
number=2,
pages = "210-227",
year = 2009
}

@article{wright2009etal,
author = "John Wright and others",
title = "{Robust Face Recognition via Sparse Representation}",
journal = "IEEE Trans. on Pattern Analysis and Machine Intelligence",
volume=31,
number=2,
pages = "210-227",
year = 2009
}

@inproceedings{xin2001,
author = "Xin Xin and Masahiro Kaneda",
title = "{A Robust Control Approach to the Swing up Control Problem for the Acrobot}",
booktitle = "Proc. of IEEE/RSJ IROS",
pages = "1650-1655",
year = 2001
}

@article{xin2013,
author = "Xin Xin",
title = "{On simultaneous control of the energy and actuated variables of underactuated mechanical systems --- example of the acrobot with counterweight}", 
journal = "Advanced Robotics",
volume=27,
number=12,
pages = "959-969",
year =2013 
}

@inproceedings{yamakawa2012,
author = "Hiroshi Yamakawa",
title = "Hippocampal Formation Mechanism Will Inspire Frame Generation for Building an Artificial General Intelligence",
booktitle = "Artificial General Intelligence",
pages = "362-371",
year = 2012
}

@article{yamamoto2014,
author = "Jun Yamamoto and Junghyup Suh and Daigo Takeuchi and Susumu Tonegawa",
title = "{Successful Execution of Working Memory Linked to Synchronized
High-Frequency Gamma Oscillations}",
journal = "Cell",
volume=157,
pages = "845-857",
year = 2014
}

@article{yamamoto2014etal,
author = "Jun Yamamoto and others",
title = "{Successful Execution of Working Memory Linked to Synchronized
High-Frequency Gamma Oscillations}",
journal = "Cell",
volume=157,
pages = "845-857",
year = 2014
}

@inproceedings{yamanobe2006,
author = "Natsuki Yamanobe and Tamio Arai and Ryuichi Ueda",
title = "{Robot Motion Planning by Reusing Multiple Knowledge under Uncertain Conditions}",
booktitle = "Proc. of IEEE/RSJ IROS",
pages = "2232-2237",
year = 2006
}

@inproceedings{yamanobe2006etal,
author = "Natsuki Yamanobe and others",
title = "{Robot Motion Planning by Reusing Multiple Knowledge under Uncertain Conditions}",
booktitle = "Proc. of IEEE/RSJ IROS",
pages = "2232-2237",
year = 2006
}

@inproceedings{yamanobe2008,
author = "Natsuki Yamanobe and Hiromitsu Fujii and Tamio Arai and Ryuichi Ueda",
title = "{Motion generation for clutch assembly by integration of multiple existing policies}",
booktitle = "Proc. of International Conference on Intelligent Robots and Systems",
pages = "3218-3223",
year = 2008
}

@inproceedings{yamashita2004,
author = "Atsushi Yamashita and Kazutoshi Fujita Toru Kaneko and Hajime Asama",
title = "{Path and Viewpoint Planning of Mobile Robots with Multiple Observation Strategies}",
booktitle = "Proc. of International Conference on Intelligent Robots and Systems",
pages = "3195-3200",
year = 2004
}

@inproceedings{yokoya2008,
author = "Tsuyoshi Yokoya and Tsutomu Hasegawa and Ryo Kurazume and Kouji Murakami",
title = "{Calibration of Distributed Vision Network in Unified Coordinate System by Mobile Robots}",
booktitle = "Proc. IEEE International Conference on Robotics and Automation",
year=2008
}

@inproceedings{yokoya2008etal,
author = "T. Yokoya and others",
title = "{Calibration of Distributed Vision Network in Unified Coordinate System by Mobile Robots}",
booktitle = "Proc. IEEE ICRA",
year=2008
}

@inproceedings{yoshimoto1999,
author = "Junichiro Yoshimoto and Shin Ishii and Masaaki Sato",
title = "{Application of Reinforcement Learning to Balancing of Acrobot}",
booktitle = "Proc. of IEEE International Conference on Systems, Man and Cybernetics",
pages = "516-521",
year = 1999
}

@inproceedings{yoshimoto1999etal,
author = "Junichiro Yoshimoto and others",
title = "{Application of Reinforcement Learning to Balancing of Acrobot}",
booktitle = "Proc. of IEEE International Conference on Systems, Man and Cybernetics",
pages = "516-521",
year = 1999
}

@article{yoshimoto2005,
author = "J. Yoshimoto and M. Nishimura and Y. Tokita and S. Ishii",
title = "Acrobot control by learning the switching of multiple controllers",
journal = "Journal of Artificial Life and Robotics",
volume = 9,
number = 2,
pages = "67-71",
year = 2005
}

@inproceedings{zagal2004,
author = "J.C. Zagal and J. Ruiz-del-Solar",
title = "{UCHILSIM: A Dynamically and Visually Realistic Simulator for the RoboCup Four Legged League}",
booktitle = "Proc. of RoboCup Symposium",
year = 2004
}

@article{zergeroglu1999,
author = "E. Zergeroglu and W.E. Dixon and D. M. Dawson and A. Behal",
title = "{Lyapunov-Based Set-Point Control of the Acrobot}",
journal = "International Journal of Robotics and Automation",
volume = 14,
number = 4,
pages = "161-170",
year = 1999
}

@article{zhang2000,
author = "Z. Zhang",
title = "{A flexible new technique for camera calibration}",
journal = "IEEE Trans. Pattern Analysis and Machine Intelligence",
volume = 22,
number = 11,
pages = "1330-1334",
year = 2000
}

@inproceedings{zheng1997,
author = "X. Zheng and others",
title = "{Design of Vector Quantization Codebooks Using a Genetic Algorithm}",
booktitle = "Proc. IEEE International Conference on Evolutionary Computation",
pages = "525-529",
year = 1997
}


@inproceedings{zhu2001,
author = "Zhigang Zhu and Edward M. Riseman and Allen R. Hanson",
title = "{Parallel-Perspective Stereo Mosaics}",
booktitle = "The Eighth IEEE International Conference on Computer Vision",
volume = "1",
pages = "345-352",
year = "2001"
}

@inproceedings{zhu2001etal,
author = "Zhigang Zhu and others",
title = "{Parallel-Perspective Stereo Mosaics}",
booktitle = "IEEE ICCV",
volume = 1,
pages = "345-352",
year = 2001
}
@inproceedings{zomet,
author = "Assaf Zomet and Shmuel Peleg",
title = "{Applying Super-Resolution to Panoramic Mosaics}",
booktitle = "IEEE Workshop on Applications of Computer Vision",
month = "Oct.",
year = 1998
}


@book{2007rule,
	author = "RoboCup{\ }Technical{\ }Committee",
	title = "{Sony Four Legged Robot Football League Rule Book}",
	publisher = "http://www.robocup.org/",
	year = 2007
}

@preamble{"\newcommand{\noop}[1]{}"}

@article{赤井2013,
author = "{\noop{あかい}}赤井 直紀 and Rahok SAM ANN and 井上 一道 and 尾崎 功一",
title = "磁気情報を用いた自己位置推定と横方向位置補正を組み合わせた低コスト構成の長距離ナビゲーション法の実装",
journal = "日本機会学会論文集（C編）",
volume = 79,
number = 799,
pages = "681-690",
year = 2013
}

@inproceedings{朝倉2014,
author = "{\noop{あさくら}}朝倉 泉 and 増原 英彦 and 青谷 知幸",
title = "{OCommand: OCaml上の型安全なシェルプログラミングのための領域特化言語の提案}",
booktitle = "第99回情報処理学会プログラミング研究会",
address = "旭川",
year = 2014
}

@article{浅田1997,
author = "{\noop{あさだ}}浅田 稔 and 國吉 康夫 and 野田 五十樹 and 北野 宏明",
title = "研究活動とロボットコンテスト ({RoboCup})",
journal = "日本ロボット学会誌",
volume = 15,
number = 1,
pages = "1001-1004",
year = 1997
}

@article{浅田1997etal,
author = "{\noop{あさだ}}浅田 稔 and others",
title = "研究活動とロボットコンテスト ({RoboCup})",
journal = "日本ロボット学会誌",
volume = 15,
number = 1,
pages = "1001-1004",
year = 1997
}

@book{浅沼2003,
author = "{\noop{あさぬま}}浅沼 和範",
title = "カメラ特性を考慮した自律移動ロボットのための環境・計測シミュレータの開発",
publisher = "中央大学大学院理工学研究科精密工学専攻平成14年度修士論文",
year = 2003}

@article{合原1997,
author = "{\noop{あいはら}}合原 一幸 and 村重 淳",
title = "カオス工学の展望",
journal = "日本ロボット学会誌",
volume = 15,
number = 8,
pages = "1098-1103",
year = 1997
}

@article{荒川2002,
author = "{\noop{あらかわ}}荒川 秀治",
title = "KOMTRAX STEP 2の開発と展開",
journal = "コマツテクニカルレポート",
volume = 48,
number = 150,
pages = "8-14",
year = 2003
}

@article{安藤2010,
author = "{\noop{あんどう}}安藤 慶昭",
title = "初心者のためのRTミドルウェア入門---OpenRTM-aist-1.0とその使い方---",
journal = "日本ロボット学会誌",
volume = 28,
number = 5,
pages = "550-555",
year = 2010
}

@article{飯田1990,
author = "{\noop{いいだ}}飯田 重喜 and 坪内 考司 and 油田 信一",
title = "{移動ロボットのカラー画像による自己位置同定法}",
journal = "日本ロボット学会誌",
volume = 8,
number = 6,
pages = "641-651",
year = 1990
}

@article{石川1991,
author = "{\noop{いしかわ}}石川 繁樹",
title = "{ファジィ制御を用いた自律型移動ロボットの誘導方式の検討}",
journal = "日本ロボット学会誌",
volume = 9,
number = 2,
pages = "149-161",
year = 1991
}

@article{井谷2009,
author = "{\noop{いだに}}井谷優",
title = "マイクロマウスの歩んだ路",
journal = "日本ロボット学会誌",
volume = 27,
number = 9,
pages = "979-982",
year = 2009
}

@book{井出2015,
  author    = "井出 剛 and 杉山 将",
  title     = "異常検知と変化検知",
  publisher = "講談社",
  year      = "2015"
}

@article{伊藤2016,
author = "{\noop{いとう}}伊藤毅志 and 松村正和",
title = "ディープラーニングを用いたコンピュータ囲碁",
journal = "情報処理",
volume = 57,
number = 4,
pages = "335-337",
year = 2016
}

@article{入江2007,
author = "{\noop{いりえ}}入江耕太 and 若村直弘 and 梅田和昇",
title = "ジェスチャ認識に基づくインテリジェントルームの構築",
journal = "日本機械学会論文集C編",
volume = 73,
number = 725,
pages = "258-265",
year = 2007
}

@book{上田卒論,
author = "{\noop{うえだ}}上田 隆一",
title = "四脚ロボットによるサッカー行動生成のための局所環境認識",
publisher = "平成12年度東京大学工学部精密機械工学科卒業論文",
year = 2001
}

@book{上田修論,
author = "{\noop{うえだ}}上田 隆一",
title = "実世界における移動ロボットのための環境の変化に強い自己位置推定と行動決定",
publisher = "平成14年度東京大学大学院工学系研究科精密機械工学専攻修士論文",
year = 2003
}

@inproceedings{上田精密2003春etal,
author = "{\noop{うえだ}}上田 隆一 and others",
title = "移動ロボットによる広域シームレス映像の取得 --直線マーカを利用したモザイキングとスーパーレゾリューション",
booktitle = "精密工学会春季講演会",
address = "東京",
year = 2003
}

@inproceedings{上田robosim2003etal,
author = "{\noop{うえだ}}上田 隆一 and others",
title = "ベクトル量子化による状態・行動地図の圧縮",
booktitle = "第8回ロボティクスシンポジア予稿集",
pages = "445-450",
year = 2003
}

@inproceedings{上田rsj2003etal,
author = "{\noop{うえだ}}上田 隆一 and others",
title = "移動ロボットの自己位置推定における推定の誤りからの回復法",
booktitle = "第21回日本ロボット学会学術講演会",
address = "東京",
year = 2003
}

@inproceedings{上田rsj2003etal,
author = "{\noop{うえだ}}上田 隆一 and others",
title = "移動ロボットの自己位置推定における推定の誤りからの回復法",
booktitle = "第21回日本ロボット学会学術講演会",
address = "東京",
year = 2003
}

@inproceedings{上田rsj2004etal,
author = "{\noop{うえだ}}上田 隆一 and others",
title = "モンテカルロ・ローカライゼーションのための複合リセット法",
booktitle = "第22回日本ロボット学会学術講演会",
pages = "IB18",
year = 2004
}

@inproceedings{上田rsj2005etal,
author = "{\noop{うえだ}}上田 隆一 and others",
title = "状態推定の不確かさを考慮した実時間行動決定",
booktitle = "第23回日本ロボット学会学術講演会",
pages = "IE14",
year = 2005
}

@article{上田2005etal,
author = "{\noop{うえだ}}上田 隆一 and others",
title = "ベクトル量子化による決定論的方策地図の不可逆圧縮",
journal = "日本ロボット学会誌",
volume = 23,
number = 1,
pages = "104-112",
year = 2005
}

@article{上田etal2005b,
author = "{\noop{うえだ}}上田 隆一 and others",
title = "パーティクルフィルタを利用した自己位置推定に生じる致命的な推定誤りからの回復法",
journal = "日本ロボット学会誌",
volume = 23,
number = 4,
pages = "84-91",
year = 2005
}

@inproceedings{上田rsj2006etal,
author = "{\noop{うえだ}}上田 隆一 and others",
title = "サッカーロボットの協調行動の計画と状態行動地図の圧縮",
booktitle = "第24回日本ロボット学会学術講演会",
pages = "2I15",
year = 2006
}

@inproceedings{上田robomec2006etal,
author = "{\noop{うえだ}}上田 隆一 and others",
title = "アクロボットの振り上げのための状態行動地図の作成と圧縮",
booktitle = "日本機械学会ロボティクス・メカトロニクス講演会（ROBOMEC2006）講演論文集",
pages = "2P1-B39",
year = 2006
}


@article{上田2007,
author = "{\noop{うえだ}}上田 隆一 and 新井民夫",
title = "{パーティクルフィルタとQ-MDP法による状態推定の不確かさを考慮した自律ロボットの実時間行動決定}",
journal = "日本ロボット学会誌",
volume = 25,
number = 1,
pages ="103-112",
year = "2007"
}

@inproceedings{上田ssi2007etal,
author = "{\noop{うえだ}}上田 隆一 and others",
title = "{パーティクルフィルタによる複数カメラの位置姿勢推定 ---シミュレーションによる検証}",
booktitle = "計測自動制御学会 システム・情報部門学術講演会",
pages = "321-326",
year = 2007
}

@book{上田2007prob,
  author    = "Sebastian Thrun and Wolfram Burgard and Dieter Fox (著) and 上田 隆一 (訳)",
  title     = "確率ロボティクス",
  publisher = "毎日コミュニケーションズ",
  year      = "2007"
}

@article{上田2011,
author = "{\noop{うえだ}}上田 隆一",
title = "確率ロボティクスの展望",
journal = "日本ロボット学会誌",
volume = 29,
number = 5,
pages ="404-407",
year = "2011"
}

@book{上田2014ascii,
  author    = "上田 隆一 and 後藤 大地",
  title     = "フルスクラッチから1日でCMSを作る シェルスクリプト高速開発手法入門",
  publisher = "KADOKAWA / アスキー・メディアワークス",
  year      = "2014"
}

@book{上田2015gihyo,
  author    = "上田 隆一",
  title     = "シェルプログラミング実用テクニック",
  publisher = "技術評論社",
  year      = "2015"
}

@inproceedings{上田2015jsai,
	author = "{\noop{うえだ}}上田 隆一 and 水田 恒太郎 and 山川 宏 and 岡田 浩之",
	title = "{海馬-嗅内皮質の情報処理と移動ロボットのナビゲーション問題との関連性調査とモデル化}",
	booktitle = "人工知能学会全国大会",
	pages = "2I4-OS-17a-3",
	year = 2015
}

@article{上田2015nikkei,
author = "{\noop{うえだ}}上田 隆一",
title = "{Raspberry Piで始めるかんたんロボット製作}",
journal = "日経Linux",
volume = "6月号-11月号",
year = 2015
}

@article{上田2016nikkei,
author = "{\noop{うえだ}}上田 隆一",
title = "{Raspberry Piで作ろうお手軽ロボット教室}",
journal = "日経Linux",
volume = "1月号-6月号",
year = 2016
}

@article{大橋2002,
author = "{\noop{おおはし}}大橋 健",
title = "４足ロボットリーグのとりくみ",
journal = "日本ロボット学会誌",
year = 2002,
volume = 20,
number = 1,
pages = "45-46"
}


@article{大橋2002,
author = "{\noop{おおはし}}大橋 健",
title = "４足ロボットリーグのとりくみ",
journal = "日本ロボット学会誌",
year = 2002,
volume = 20,
number = 1,
pages = "45-46"
}

@inproceedings{大場2007,
author = "{\noop{おおば}}大場光太郎 and 音田弘",
title = "{環境と作業構造のユニバーサルデザイン}",
booktitle = "第25回日本ロボット学会学術講演会予稿集",
pages = "1I14",
year = 2007
}

@inproceedings{小田島2015,
author = "{\noop{おだじま}}小田島正 and 藪下英典 and 森健光 and 藤井亮暢 and 田中稔",
title = "{磁気テープレス自動搬送台車の実用 ---第1報 ニーズ・シーズのマッチングと基本構成}",
booktitle = "第33回日本ロボット学会学術講演会予稿集",
pages = "2K1-02",
year = 2015
}

@book{エイホ2010,
author = "{\noop{えいほ}}A. V. エイホ（著）and P.J.ワインバーガー（著）and B. W. カーニハン （著）and 足立 高徳 (翻訳)",
title = "プログラミング言語AWK",
publisher = "USP出版",
year = 2010
}

@book{enpit2014,
author = "{\noop{えんぴっと}}enPiT運営委員会",
title = "文部科学省　情報技術人材育成のための実践教育ネットワーク形成事業 分野・地域を越えた実践的情報教育協働ネットワーク 平成26年度成果報告書",
publisher = "enPiT運営委員会",
year = 2015
}

@book{カーニハン1981,
author = "{\noop{カーニハン}}Brian W.Kernighan (著), P.J.Plauger (著), 木村 泉 (翻訳) ",
title = "ソフトウェア作法",
publisher = "共立出版",
year = 1981
}

@article{川崎2001,
author = "{\noop{かわさき}}川崎 洋 and 池内 克史 and 坂内 正夫",
title = "時空間画像解析を用いた全方位カメラ映像の超解像度化",
journal = "電子通信情報学会論文誌",
volume = "J84-D-II",
number = 8,
pages ="1891-1902",
year = 2001
}

@article{河原2005,
author = "{\noop{かわはら}}河原 達也 and 李 晃伸",
title = "連続音声認識ソフトウェアJulius",
journal = "人工知能学会誌",
volume = "20",
number = 1,
pages ="41-49",
year = 2005
}

@book{ガンカーズ2001,
author = "{\noop{ガンカーズ}}Mike Gancarz (著), 芳尾 桂 (翻訳) ",
title = "UNIXという考え方—その設計思想と哲学",
publisher = "オーム社",
year = 2001
}

@proceedings{菊地2001,
author = "{\noop{きくち}}菊地 悠 and 前田 雄介 and 杉 正夫 and 新井 民夫",
title = "``Plug & Produce''のためのロボット間自動キャリブレーション",
booktitle = "第19回日本ロボット学会学術講演会予稿集",
pages = "1065-1066",
year = 2001
}

@proceedings{菊地2001etal,
author = "{\noop{きくち}}菊地 悠 and others",
title = "``Plug & Produce''のためのロボット間自動キャリブレーション",
booktitle = "第19回日本ロボット学会学術講演会予稿集",
pages = "1065-1066",
year = 2001
}

@book{北川1967,
author = "{\noop{きたがわ}}北川 敏男 and 喜安 喜市",
title = "マルコフ過程",
publisher = "共立出版",
year = 1967
}

@article{北川1996,
author ="{\noop{きたがわ}}北川 源四郎",
title = "モンテカルロ・フィルタ及び平滑化について",
journal = "統計数理",
year = 1996,
pages = "31-48",
volume = 44,
number = 1
}

@book{キャメロン2005,
author = "{\noop{きゃめろん}}Cameron Newham and Bill Rosenblatt and 株式会社クイープ (翻訳) ",
title = "入門bash 第3版",
publisher = "オライリージャパン",
year = 2005
}

@book{小郷1980,
author = "{\noop{こごう}}小郷 寛 and 美多 勉",
title = "システム制御理論入門",
publisher = "実教出版",
year = 1980
}

@article{小島2011,
author ="{\noop{こじま}}小島 宏一 and 加藤 雄資 and 福井 善朗 and 中村 文一",
title = "開かれた環境が育むマイクロマウスの技術進化",
journal = "システム制御情報学会誌",
year = 2011,
pages = "265-270",
volume = 55,
number = 7
}

@article{琴坂2011,
author ="{\noop{ことさか}}琴坂 信哉",
title = "ロボットによる科学・技術人材育成活動",
journal = "システム制御情報学会誌",
year = 2011,
pages = "271-277",
volume = 55,
number = 7
}

@article{小堀2005,
author ="{\noop{こぼり}}小堀 訓成 and 鈴木 健嗣 and ピトヨ ハルトノ and 橋本 周司",
title = "尤度情報に基づく温度分布を用いた強化学習法",
journal = "人工知能学会誌",
year = 2005,
pages = "297-305",
volume = 20,
number = 4
}

@book{近藤1984,
author = "{\noop{こんどう}}近藤 次郎",
title = "最適化法",
publisher = "コロナ社",
year = 1984}

@article{小森谷1993,
author = "{\noop{こもりや}}小森谷 清 and 大山 英明 and 谷 和男",
title = "移動ロボットのためのランドマーク観測計画",
journal = "日本ロボット学会誌",
year = 1993,
volume = 11,
number = 4,
pages = "533-540"
}

@inproceedings{坂本2005etal,
author = "{\noop{さかもと}}坂本 浩平 and others",
title = "動的計画法を用いた協調行動の計画",
booktitle = "第23回日本ロボット学会学術講演会予稿集",
year = 2005
}

@book{佐藤1999,
author = "{\noop{さとう}}佐藤 淳",
title = "コンピュータビジョン--視覚の幾何学--",
publisher = "コロナ社",
year = 1999
}


@book{佐藤1993etal,
author = "{\noop{さとう}}佐藤 秀紀",
title = "機械振動学",
publisher = "工業調査会",
year = 1993
}

@article{実川2009,
author = "{\noop{じつかわ}}実川 達明 and 上田 隆一 and 新井 民夫",
title = "サンプリング実時間Q-MDP法 ---不完全な観測に基づき実時間行動する自律サッカーロボットへの適用",
journal = "日本ロボット学会誌",
volume = 27,
number = 7,
pages = "71-78",
year = 2009
}

@book{篠崎1991,
author = "{\noop{しのざき}}篠崎 寿夫 and others",
title = "現代工学のための変分学入門",
publisher = "現代工学社",
year = 1991
}

@book{志村1993,
author = "{\noop{しむら}}志村 拓（著）, 鷲北 賢（著）, 西村 克信（著）",
title = "AWKを256倍使うための本",
publisher = "ASCII",
year = 1993
}

@book{徐1998,
author = "{\noop{じょ}}徐 剛 and 辻 三郎",
title = "3次元ビジョン",
publisher = "共立出版",
year = 1998
}


@book{高橋2003,
author = "{\noop{たかはし}}高橋 友一 and 秋田 純一 and 渡辺 正人",
title = "小型ロボットの基礎技術と製作--RoboCup小型リーグへの挑戦",
publisher = "共立出版",
year = 2003
}

@article{高橋1999,
author = "{\noop{たかはし}}高橋 泰岳 and 浅田 稔",
title = "実ロボットによる行動学習のための状態空間の漸次的構成",
journal = "日本ロボット学会誌",
year = 1999,
volume = 17,
number = 1,
pages = "118-124"
}

@article{田代1990,
author = "{\noop{たしろ}}田代 泰典",
title = "マイクロマウス「マッピー」",
journal = "日本ロボット学会誌",
year = 1990,
volume = 8,
number = 3,
pages = "358"
}

@article{舘山2001,
author = "{\noop{たてやま}}舘山 武史 and 川田 誠一",
title = "k -確実探査法と動的計画法を用いたMDPs環境の効率的探索法",
journal = "人工知能学会誌",
year = 2001,
volume = 16,
number = 1,
pages = "20-27"
}

@inproceedings{玉川2015,
   author	 = "玉川 憲",
   title	 = "IoT時代に向けたプラットフォーム$=$SORACOM事例とそのアーキテクチャ設計$=$",
   booktitle	 = "インターネットと運用技術シンポジウム2015論文集",
   year 	 = "2015",
   pages	 = "53--53",
   month	 = "11"
}

@book{日本機械学会2007,
author = "{\noop{にほんきかいがっかい}}日本機械学会",
title = "非線形系のダイナミクス---非線形現象の解析入門---",
publisher = "コロナ社",
year = 2007
}

@article{花島2015,
author = "{\noop{はなしま}}花島 直彦 and 高氏 秀則 and 相津 佳永 and 道垣内 拓人 and 三門明 由美",
title = "室蘭地域で開催された小中学生向けのロボット教室における参加者の動向解析",
journal = "日本ロボット学会誌",
year = 2015,
volume = 33,
number = 3,
pages = "141-147"
}

@book{濱野2009,
author = "{\noop{はまのじゅん}}濱野純",
title = "入門Git",
publisher = "秀和システム",
year = 2009
}

@book{原2015,
author = "{\noop{はら}}原 祥尭",
title = "ベイズ理論に基づく移動ロボットの自己位置推定と地図生成に関する研究",
publisher = "筑波大学",
year = 2015
}

@article{原2016,
author = "{\noop{はら}}原 祥尭",
title = "{自己位置推定・地図生成（SLAM）の全体像}",
journal = "日経Robotics",
year = 2016,
number = "2016年5月号",
pages = "14-16"
}

@book{ハント2009,
author = "{\noop{はんと}}Andy Hunt (著) and 武舎 広幸 (翻訳) and 武舎 るみ (翻訳) ",
title = "リファクタリング・ウェットウェア ---達人プログラマーの思考法と学習法",
publisher = "オライリージャパン",
year = 2009
}

@article{堀内1992,
author = "{\noop{ほりうち}}堀内 英一 and 谷 和男",
title = "動作計画における幾何学的不確かさに対する確率的アプローチ",
journal = "日本ロボット学会誌",
year = 1992,
volume = 10,
number = 4,
pages = "475-480"
}

@article{戸田2013,
author = "{\noop{とだ}}戸田 健吾 and 奥村 悠 and 富山 健 and 古田 貴之",
title = "実践して理解する大学新入生向けオリジナルロボット製作実習",
journal = "日本ロボット学会誌",
year = 2013,
volume = 31,
number = 2,
pages = "147-153"
}


@article{登内1994,
author = "{\noop{とのうち}}登内 洋次郎 and 坪内 孝司 and 有本 卓",
title = "移動ロボットにおける空間有限性を考慮した位置推定--内界センサ情報と作業領域に関する知識のべイズ的融合法--",
journal = "日本ロボット学会誌",
year = 1994,
volume = 12,
number = 5,
pages = "695-699"
}

@article{友納2002,
author = "{\noop{とものう}}友納 正裕 and 油田 信一",
title = "不正確さを許すマップにおける移動ロボットの自己位置推定",
journal = "日本ロボット学会誌",
year = 2002,
volume = 20,
number = 4,
pages = "425-436"
}

@article{友納2012,
author = "{\noop{とものう}}友納 正裕 and 吉田 知章 and 入江 清 and 小柳 栄次",
title = "つくばチャレンジにおける屋外ナビゲーションシステムの問題分析と基本設計",
journal = "日本ロボット学会誌",
year = 2012,
volume = 30,
number = 3,
pages = "262-270"
}

@inproceedings{トリワイ精密2003春etal,
author = "{\noop{うえだ}}トリワイ チョンチャナ and others",
title = "移動ロボットによる広域シームレス映像の取得 --移動ロボットの作業領域における自己位置同定",
booktitle = "精密工学会春季講演会",
address = "東京",
year = 2003
}

@inproceedings{中川2015,
author = "{\noop{なかがわ}}中川友紀子 and 青木政武 and 佐倉俊佑 and 中川範晃 and 上田隆一",
title = "Raspberry Pi マウス ---Linux 環境でプログラミング可能なロボット教材の開発",
booktitle = "SICE SI2015",
address = "名古屋",
year = 2015
}

@article{中村1983,
author = "{\noop{なかむら}}中村 達也 and 上田 実",
title = "カルマンフィルタによる移動ロボットの位置推定",
journal = "計測自動制御学会論文集",
volume = 19,
number = 1,
pages = "8-14",
year = 1983
}

@article{南2002etal,
author = "{\noop{なん}}南 澤槿 and others",
title = "アクロボットの振り上げ倒立制御と特異点問題",
journal = "日本ロボット学会誌",
volume = 20,
number = 1,
pages = "85-88",
year = 2002
}

@book{野田1992,
author = "{\noop{のだ}}野田 一雄 and 宮岡 悦良",
title ="数理統計学の基礎",
year = 1992,
publisher = "共立出版"
}


@book{press1993,
author = "{\noop{ぷれす}}William H. Press and Saul A. Teukolsky and William T. Vetterling and Brian P. Flannery{\ }著 and 丹慶 勝市 and 奥村 晴彦 and 佐藤 俊郎 and 小林 誠{\ }訳",
title ="{Numerical Recipes in C [日本語版] C言語による数値計算のレシピ}",
year = 1993,
publisher = "技術評論社"
}

@article{松岡2008,
author="松岡 泰史 and 當仲 寛哲",
title="ユニケージ手法 : 高生産性で安価な顧客重視の開発手法(シェルプログラミング・Webアプリケーション)",
journal="情報処理学会研究報告. ソフトウェア工学研究会報告",
ISSN="09196072",
publisher="一般社団法人情報処理学会",
year="2008",
month="nov",
volume="2008",
number="112",
pages="55-62",
URL="http://ci.nii.ac.jp/naid/110007082123/",
DOI="",
}

@article{光永2001,
author = "{\noop{みつなが}}光永 法明，浅田 稔",
title = "移動体の意思決定のための情報量基準に基づく観測対象戦略",
journal = "日本ロボット学会誌",
year = 2001,
volume = 19,
number = 6,
pages = "793-800"
}

@book{横井修論,
author = "{\noop{よこい}}横井 真浩",
title = "四脚ロボットにおける観測コストを考慮したナビゲーション",
publisher = "平成12年度修士論文, 東京大学",
year = 2001
}
@book{深瀬修論,
author = "{\noop{ふかせ}}深瀬 武",
title = "四足ロボットのための不確かな状況認識下での実時間行動決定法",
publisher = "平成13年度修士論文, 東京大学",
year = 2002
}

@book{福田2016,
author = "{\noop{ふくだ}}福田 和宏",
title = "これ1冊でできる！ラズベリー・パイ超入門 改訂第3版",
publisher = "ソーテック社",
year = 2016
}

@article{藤田2002,
author = "{\noop{ふじた}}藤田 雅博",
title = "4脚ロボットリーグの技術課題と展望",
journal = "日本ロボット学会誌",
year = 2002,
volume = 20,
number = 1,
pages = "15-19"
}

@article{藤井2013,
author = "{\noop{ふじい}}藤井 隆司 and 藤吉 弘亘 and 鈴木 裕利 and 石井 成郎",
title = "工学部における問題解決型授業の実践と効果の検証",
journal = "日本ロボット学会誌",
year = 2013,
volume = 31,
number = 2,
pages = "161-168"
}

@book{ベルンシュタイン2003,
author = "{\noop{べるんしゅたいん}}ニコライ アレクサンドロヴィッチ ベルンシュタイン（著）
and 工藤和俊（訳） and 佐々木正人（監訳）",
title = "デクステリティ 巧みさとその発達",
publisher = "金子書房",
year = 2003
}

@article{槙2015,
author = "{\noop{まき}}槙 修一 and 白根 一登 and 正木 良三",
title = "物流支援ロボットの地図とその応用",
journal = "日本ロボット学会誌",
year = 2015,
volume = 33,
number = 10,
pages = "732-737"
}

@article{松田2015,
author = "{\noop{まつだ}}松田 啓明 and  林 直宏 and  工藤 俊亮 and  末廣 尚士",
title = "射的ロボコンによるロボットシステム開発教育",
journal = "日本ロボット学会誌",
year = 2015,
volume = 33,
number = 8,
pages = "623-629"
}

@article{松原2002,
author = "{\noop{まつばら}}松原 仁 and 浅田 稔 and 北野 宏明",
title = "ロボカップの歴史と2002年への展望",
journal = "日本ロボット学会誌",
year = 2002,
volume = 20,
number = 1,
pages = "2-6"
}

@book{松原2010,
author = "{\noop{みた}}松原 望",
title = "ベイズ統計学概説",
publisher = "培風館",
year = 2010
}

@book{美多2000,
author = "{\noop{みた}}美多 勉",
title = "非線形制御入門 -劣駆動ロボットの技能制御論-",
publisher = "昭晃堂",
year = 2000
}

@article{浅田2000,
author = "{\noop{あさだ}}浅田 稔 and 北野 宏明",
title = "{ロボカップ戦略：研究プロジェクトとしての意義と価値}",
journal = "日本ロボット学会誌",
volume = 18,
number = 8,
pages = "1081-1084",
year = 2000
}

@book{加藤1987,
author = "{\noop{かとう}}加藤 寛一郎",
title = "最適制御入門 レギュレータとカルマンフィルタ",
publisher = "東京大学出版会",
year = 1987
}

@article{門田2013,
author = "{\noop{かどた}}門田 和雄",
title = "科学技術高校におけるロボット教育のカリキュラム開発",
journal = "日本ロボット学会誌",
volume = 31,
number = 2,
pages = "133-139",
year = 2013
}


@article{北西2015,
author = "{\noop{きたにし}}北西 卓磨 and 松尾 直毅",
title = "海馬体-嗅内皮質における空間認知システム",
journal = "領域融合レビュー",
volume = 4,
pages = "e001",
year = 2015
}

@article{文1999,
author = "{\noop{ぶん}}文 仁赫 and 三浦 純 and 白井 良明",
title = "不確かさを考慮した観測位置と移動のオンライン計画手法",
journal = "日本ロボット学会誌",
volume = 17,
number = 8,
pages = "1107-1113",
year = 1999
}

@article{小林2003,
author = "{\noop{こばやし}}小林 祐一 and 深瀬 武 and 上田 隆一 and 湯浅 秀男 and 新井 民夫",
title = "実時間性と観測コストを考慮した四脚ロボットのサッカー行動設計",
journal = "日本ロボット学会誌",
volume = 21,
number = 7,
pages = "802-810",
year = 2003
}

@article{小林2003etal,
author = "{\noop{こばやし}}小林 祐一 and others",
title = "実時間性と観測コストを考慮した四脚ロボットのサッカー行動設計",
journal = "日本ロボット学会誌",
volume = 21,
number = 7,
pages = "802-810",
year = 2003
}

@book{小林博論,
author = "{\noop{こばやし}}小林 祐一",
title = "強化学習のための自律分散型関数近似法",
publisher = "平成13年度博士論文, 東京大学",
year = 2002
}

@book{corbet2012,
author = "Jonathan Corbet and Alessandro Rubini and Greg Kroah-Hartman（著）
	and 山崎 康宏 and 山崎 邦子 and 長原 宏治 and 長原 陽子",
title = "Linuxデバイスドライバ第3版",
publisher = "オライリー・ジャパン",
year = 2012
}

@article{油田1990,
author="{\noop{ゆた}}油田 信一",
title="ホビーロボットとマイクロマウス",
journal="日本ロボット学会誌",
volume = 8,
number = 3,
year = 1990,
pages = "320-323"
}

@article{油田2005,
author="{\noop{ゆた}}油田 信一 and 大矢 晃久 and 嶋地 直広",
title="「知能ロボット用測域センサ」の商品化",
journal="日本ロボット学会誌",
volume = 23,
number = 2,
year = 2005,
pages = "181-184"
}

@article{油田2011,
author="油田 信一 and 水川 真 and 橋本 秀紀",
title="つくばチャレンジのねらいと成果",
journal="計測と制御",
publisher="計測自動制御学会",
year="2010",
volume="49",
number="9",
pages="572-578"
}

@article{油田2011etal,
author="油田 信一 and others",
title="つくばチャレンジのねらいと成果",
journal="計測と制御",
publisher="計測自動制御学会",
year="2010",
volume="49",
number="9",
pages="572-578"
}

@proceedings{横矢2006etal,
author = "{\noop{よこや}}横矢 剛 and others",
title = "ロボットタウンの実証的研究--広域分散カメラのロボットによる自動キャリブレーション--",
booktitle = "第24回日本ロボット学会学術講演会予稿集",
pages = "2N14",
year = 2006
}

@book{吉川1988,
author = "{\noop{よしかわ}}吉川 恒夫",
title = "ロボット制御基礎論",
publisher = "コロナ社",
year = 1988
}

@book{吉川2004,
author = "{\noop{よしかわ}}吉川 恒夫",
title = "古典制御論",
publisher = "昭晃堂",
year = 2004
}

@book{米田2014,
author = "{\noop{よねだ}}米田 聡",
title = "RaspberryPiで学ぶ ARMデバイスドライバープログラミング",
publisher = "ソシム",
year = 2014
}

@book{トーバルズ2001,
author = "{\noop{トーバルズ}}リーナス トーバルズ (著) and デビッド ダイヤモンド (著) and 風見 潤 (翻訳) ",
title = "それがぼくには楽しかったから",
publisher = "小学館プロダクション",
year = 2001
}

@book{レイモンド2007,
author = "{\noop{レイモンド}}Eric S.Raymond (著), 長尾 高弘 (翻訳)",
title = "The Art of UNIX Programming",
publisher = "アスキー",
year = 2007
}
@misc{four_legged_rule2005,
author = "RoboCup Technical Committee",
title = "{Sony Four Legged Robot Football League Rule Book}",
howpublished = "http://www.robocup.org/"
}

@misc{aibo_sde,
author = "Sony Corporation",
title = "{[AIBO SDE] official web site}",
howpublished = "http://openr.aibo.com/"
}

@misc{amedas,
author = "気象庁",
title = "アメダス",
howpublished ="http://www.jma.go.jp/jp/amedas/",
note="(visited on 2016-05-05)"
}

@misc{arduino,
author = "David Kushner",
title = "{The Making of Arduino | IEEE Spectrum}",
howpublished = "{http://spectrum.ieee.org/geek-life/hands-on/the-making-of-arduino}",
note="(visited on 2016-03-31)"
}

@misc{citba2016,
author = "CIT-Brains",
title = "{Hands under construction | CIT Brains @Home}",
howpublished = "http://at-home.cit-brains.net/index.php/2016/02/19/hands-under-construction/",
note="(visited on 2016-02-19)"
}

@misc{github,
author = "GitHub, Inc.",
title = "{GitHub}",
howpublished = "https://github.com",
note="(visited on 2016-03-04)"
}

@misc{hadoop,
author = "Wikipedia",
title = "{Apache Hadoop}",
howpublished = "{http://ja.wikipedia.org/wiki/Apache\_Hadoop}",
publisher = "{Wikipedia}",
note="(visited on 2015-03-13)"
}

@misc{hayashibara_kondo,
author = "CIT-Brains",
title = "{citbrains/kondo\_driver | GitHub}",
howpublished = "{https://github.com/citbrains/kondo\_driver}",
note="(visited on 2016-02-15)"
}

@misc{ipa_competency,
author = "情報処理推進機構",
title = "{iコンピテンシ ディクショナリについて}",
howpublished = "{http://www.ipa.go.jp/jinzai/hrd/i\_competency\_dictionary/index.html}",
publisher = "{情報処理推進機構}",
note="(visited on 2016-03-02)"
}

@misc{joy1978,
author = "William Joy",
title = "{An Introduction to the C Shell}",
howpublished = "{http://docs.freebsd.org/44doc/usd/04.csh/paper.pdf}",
year = 1978,
note="(visited on 2014-09-30)"
}

@misc{近棟2015,
author = "近棟 稔",
title = "{自動車を制御するロボットの思考と行動の仕組み ---Google Carが現実世界を認識する際の3つのアルゴリズムと実用化への課題}",
howpublished = "{http://www.atmarkit.co.jp/ait/articles/1507/06/news008.html}",
year = 2015,
note="(visited on 2016-04-13)"
}

@misc{shellshock,
author = "{the office of Cybersecurity and Communications}",
title = "{CVE-2014-6271}",
howpublished = "{https://cve.mitre.org/cgi-bin/cvename.cgi?name=CVE-2014-6271}",
year = 2014,
note="(visited on 2014-10-01)"
}


@misc{icartmini,
author = "{T-frog project}",
title = "{Robot Frame i-Cart mini}",
howpublished = "{http://t-frog.com/products/icart\_mini/}",
year = 2013,
note="(visited on 2016-02-09)"
}

@misc{jeed,
author = "{独立行政法人　高齢・障害・求職者雇用支援機構 高度ポリテクセンター}",
title = "{ROSを活用したロボット制御技術}",
howpublished = "{http://www.apc.jeed.or.jp/seminar/course/16semiE070.html}",
year = 2016,
note="(visited on 2016-09-20)"
}



@misc{mindstorms,
author = "{The LEGO Group}",
title = "{LEGO mindstorms}",
howpublished = "{http://www.lego.com/ja-jp/mindstorms}",
note="(visited on 2016-02-10)"
}

@misc{raspi_10min,
author = "{Eben Upton}",
title = "{Ten Millionth Raspberry Pi, and A New Kit}",
howpublished = "{https://www.raspberrypi.org/blog/ten-millionth-raspberry-pi-new-kit/}",
note="(visited on 2016-09-20)"
}

@misc{raspi_about,
author = "{Raspberry Pi Foundation}",
title = "{About Us}",
howpublished = "{https://www.raspberrypi.org/about/}",
note="(visited on 2016-02-16)"
}

@misc{raspimouse_driver,
author = "{株式会社アールティ}",
title = "{RaspberryPiMouse | GitHub}",
howpublished = "{https://github.com/rt-net/RaspberryPiMouse}",
note="(visited on 2016-03-31)"
}

@misc{raspimouse_prob,
author = "{上田 隆一}",
title = "{確率ロボティクス（大学院2015年度秋学期）| CIT Autonomous Robot Lab.}",
howpublished = "{https://lab.ueda.asia/?page\_id=180}",
note="(visited on 2016-03-30)"
}

@misc{raspimouse_prob_code,
author = "{Ryuichi Ueda}",
title = "{ProbabilisticRaspiMouse}",
howpublished = "{https://github.com/ryuichiueda/ProbabilisticRaspiMouse}",
note="(visited on 2016-03-30)"
}

@misc{raspimouse_ros,
author = "{Ryuichi Ueda}",
title = "{raspimouse\_ros}",
howpublished = "{https://github.com/ryuichiueda/raspimouse\_ros}",
note="(visited on 2016-03-30)"
}

@misc{raspimouse_rtm,
author = "{Kenichi Ohara}",
title = "{RaspberryPiMouseRTC}",
howpublished = "{https://github.com/rsdlab/RaspberryPiMouseRTC}",
note="(visited on 2016-03-30)"
}

@misc{raspi_what,
author = "{Raspberry Pi Foundation}",
title = "{What is a Raspberry Pi?}",
howpublished = "{https://www.raspberrypi.org/help/what-is-a-raspberry-pi/}",
note="(visited on 2016-03-03)"
}

@misc{rospeex,
author = "{情報通信研究機構}",
title = "{rospeex}",
howpublished = "{http://rospeex.org}",
note="(visited on 2016-03-03)"
}

@misc{vistone_edu,
author = "ヴイストン株式会社",
title = "{ロボット教育・教材販売}",
howpublished = "{http://www.vstone.co.jp/event/school.html}",
note="(visited on 2016-03-02)"
}

@misc{weber2012,
author = "G. Weber",
title = "{Shell scripting with type-safety using Haskell}",
howpublished = "{http://www.linux-magazin.de/Online-Artikel/Shell-scripting-with-type-safety-using-Haskell}",
year = 2012,
publisher = "{Linux Magazin}",
note="(visited on 2014-09-19)"
}

@misc{wiringpi,
author = "Gordon Henderson",
title = "{WiringPi}",
howpublished = "{http://wiringpi.com}",
note="(visited on 2016-03-30)"
}

@misc{zmp_edu,
author = "株式会社ZMP",
title = "{大学・企業向けロボット教材}",
howpublished = "{https://www.zmp.co.jp/products\_category/education}",
note="(visited on 2016-03-02)"
}
